<?xml version="1.0" encoding="UTF-8"?>
<collection xmlns="http://www.loc.gov/MARC21/slim">
   <record>
      <leader>00000cam a2200000 c 4500</leader>
      <controlfield tag="001">288108418</controlfield>
      <controlfield tag="003">DE-603</controlfield>
      <controlfield tag="005">20200325201039.0</controlfield>
      <controlfield tag="007">tu</controlfield>
      <controlfield tag="008">120126s2011 xx |||| | u00||u|heb c
      </controlfield>
      <datafield tag="020" ind1=" " ind2=" ">
         <subfield code="a">9789651322273</subfield>
      </datafield>
      <datafield tag="035" ind1=" " ind2=" ">
         <subfield code="a">(DE-599)HEB288108418</subfield>
      </datafield>
      <datafield tag="040" ind1=" " ind2=" ">
         <subfield code="a">DE-603</subfield>
         <subfield code="b">ger</subfield>
         <subfield code="c">DE-603</subfield>
         <subfield code="d">DE-603</subfield>
      </datafield>
      <datafield tag="041" ind1=" " ind2=" ">
         <subfield code="a">heb</subfield>
      </datafield>
      <datafield tag="100" ind1="1" ind2=" ">
         <subfield code="6">880-02/Latn</subfield>
         <subfield code="a">Sharon, Miṭal</subfield>
         <subfield code="0">(DE-603)288108736</subfield>
      </datafield>
      <datafield tag="245" ind1="0" ind2="0">
         <subfield code="6">880-01/Latn</subfield>
         <subfield code="a">Shetayim</subfield>
         <subfield code="c">Miṭal Sharon</subfield>
      </datafield>
      <datafield tag="246" ind1="0" ind2="1">
         <subfield code="i">Parallelsacht.</subfield>
         <subfield code="a">Being Ethel</subfield>
      </datafield>
      <datafield tag="246" ind1="1" ind2="3">
         <subfield code="a">Being Ethel</subfield>
      </datafield>
      <datafield tag="264" ind1=" " ind2="1">
         <subfield code="6">880-03/Latn</subfield>
         <subfield code="a">Tel-Aviv</subfield>
         <subfield code="b">Ḥargol</subfield>
         <subfield code="c">2011</subfield>
      </datafield>
      <datafield tag="300" ind1=" " ind2=" ">
         <subfield code="a">222 S.</subfield>
         <subfield code="c">21 cm</subfield>
      </datafield>
      <datafield tag="490" ind1="0" ind2=" ">
         <subfield code="6">880-04/Latn</subfield>
         <subfield code="a">Ḥargol plus</subfield>
      </datafield>
      <datafield tag="546" ind1=" " ind2=" ">
         <subfield code="a">In hebr. Schr.</subfield>
      </datafield>
      <datafield tag="650" ind1=" " ind2="7">
         <subfield code="a">Neuhebräisch</subfield>
         <subfield code="0">(DE-588)4104609-2</subfield>
         <subfield code="0">(DE-603)085308692</subfield>
         <subfield code="2">gnd</subfield>
      </datafield>
      <datafield tag="650" ind1=" " ind2="7">
         <subfield code="a">Roman</subfield>
         <subfield code="0">(DE-588)4050479-7</subfield>
         <subfield code="0">(DE-603)085140708</subfield>
         <subfield code="2">gnd</subfield>
      </datafield>
      <datafield tag="650" ind1=" " ind2="7">
         <subfield code="a">Juden</subfield>
         <subfield code="0">(DE-588)4028808-0</subfield>
         <subfield code="0">(DE-603)085075922</subfield>
         <subfield code="2">gnd</subfield>
      </datafield>
      <datafield tag="651" ind1=" " ind2="7">
         <subfield code="a">Israel</subfield>
         <subfield code="0">(DE-588)4027808-6</subfield>
         <subfield code="0">(DE-603)085071153</subfield>
         <subfield code="2">gnd</subfield>
      </datafield>
      <datafield tag="655" ind1=" " ind2="7">
         <subfield code="a">Text</subfield>
         <subfield code="2">gnd</subfield>
      </datafield>
      <datafield tag="880" ind1=" " ind2="1">
         <subfield code="6">264-03/Hebr/r</subfield>
         <subfield code="a">תל-אביב</subfield>
         <subfield code="b">חרגול</subfield>
         <subfield code="c">2011</subfield>
      </datafield>
      <datafield tag="880" ind1="0" ind2=" ">
         <subfield code="6">490-04/Hebr/r</subfield>
         <subfield code="a">חרגול פלוס</subfield>
      </datafield>
      <datafield tag="880" ind1="0" ind2="0">
         <subfield code="6">245-01/Hebr/r</subfield>
         <subfield code="a">שתיים</subfield>
         <subfield code="c">מיטל שרון</subfield>
      </datafield>
      <datafield tag="880" ind1="1" ind2=" ">
         <subfield code="6">100-02/Hebr/r</subfield>
         <subfield code="a">מיטל, שרון</subfield>
         <subfield code="0">(DE-603)288108736</subfield>
      </datafield>
      <datafield tag="924" ind1="0" ind2=" ">
         <subfield code="9">30</subfield>
         <subfield code="a">(DE-603)63711390X</subfield>
         <subfield code="b">DE-30</subfield>
         <subfield code="c">HES</subfield>
         <subfield code="d">c</subfield>
         <subfield code="g">89.692.95</subfield>
      </datafield>
   </record>
</collection>